@ARTICLE{doe10a,
    AUTHOR={{Doe}, John},
    TITLE={Title},
    JOURNAL={Journal},
    VOLUME={14},
    YEAR=2010,
}

@BOOK{doe10b,
    AUTHOR={{Doe}, John},
    TITLE={Some Book},
    PUBLISHER={Publisher},
    YEAR=2010,
}

@MISC{website,
	HOWPUBLISHED = {\http{example.com}},
	AUTHOR = {Company},
	TITLE = {Example Website},
	MONTH = {Dec},
	YEAR = 1994,
	NOTE = {Accessed on 10/10/2010},
}